<?xml version="1.0" encoding="UTF-8"?><record xmlns="http://www.loc.gov/MARC21/slim" xmlns:cinclude="http://apache.org/cocoon/include/1.0" xmlns:zs="http://www.loc.gov/zing/srw/">
  <leader>00554nz  a2200145n  4500</leader>
  <controlfield tag="001">no2002072355</controlfield>
  <controlfield tag="003">DLC</controlfield>
  <controlfield tag="005">20020813052513.0</controlfield>
  <controlfield tag="008">020812n| acannaabn          |n aaa     c</controlfield>
  <datafield tag="010" ind1=" " ind2=" ">
    <subfield code="a">no2002072355</subfield>
  </datafield>
  <datafield tag="035" ind1=" " ind2=" ">
    <subfield code="a">(OCoLC)oca05835939</subfield>
  </datafield>
  <datafield tag="040" ind1=" " ind2=" ">
    <subfield code="a">InU-Mu</subfield>
    <subfield code="b">eng</subfield>
    <subfield code="c">InU-Mu</subfield>
  </datafield>
  <datafield tag="100" ind1="1" ind2=" ">
    <subfield code="a">Pizzetti, Ildebrando,</subfield>
    <subfield code="d">1880-1968.</subfield>
    <subfield code="t">Fedra</subfield>
  </datafield>
  <datafield tag="670" ind1=" " ind2=" ">
    <subfield code="a">Il bacio della Sfinge, c1998:</subfield>
    <subfield code="b">t.p. (Il bacio della Sfinge : D'Annunzio, Pizzetti e "Fedra")</subfield>
  </datafield>
  <datafield tag="670" ind1=" " ind2=" ">
    <subfield code="a">New Grove, 2nd ed., WWW site, August 12, 2002</subfield>
    <subfield code="b">(Fedra (1, Pizzetti and M. Silvani, after Euripides), 1907-8, inc., unpubd)</subfield>
  </datafield>
</record>